@misc{Bitcoincashsystem,
    title={Bitcoin: A peer-to-peer electronic cash system},
    author={Nakamoto, S},
    year={2008},
    publisher={Bitcoin.org},
    url={https://bitcoin.org/bitcoin.pdf}
}

@misc{WhatisBitcoinTechnology,
    tittle={What is Blockchain Technology?},
    author={Consensys},
    year={2021},
    publisher={Consensys},
    url={https://consensys.net/blockchain/what-is-blockchain/}
}


@misc{NextGenerationSmartContract,
    tittle={A next-generation smart contract and decentralized application platform},
    author={Buterin V},
    year={2014},
    publisher={Ethereum White Paper},
    url={https://ethereum.org/whitepaper/}
}

@book{BlockchainRevolution,
    tittle={Blockchain revolution: How the technology behind bitcoin is changing money, business, and the world},
    author={Tapscott, D. & Tapscott, A.},
    year={2016},
    publisher={Penguin}
}

@article{BlockchainNewEconomy,
    tittle={Blockchain: Blueprint for a new economy},
    author={Swan, M.},
    year={2015},
    publisher={O'Reilly Media, Inc}
}

@article{BlockchainTechnology,
    tittle={Blockchain technology: Beyond bitcoin},
    author={Crosby, M., Pattanayak, P., Verma, S., & Kalyanaraman, V.},
    year={2016},
    publisher={Applied Innovation},
    pages={2(6-10), 71-91}
}

@book{BitcoinandCryptocurrency,
    tittle={Bitcoin and Cryptocurrency Technologies: A Comprehensive Introduction},
    author={Narayanan, A., Bonneau, J., Felten, E., Miller, A., & Goldfeder, S.},
    year={2016},
    publisher={Princeton University Press}
}

@book{MasteringBitcoin,
    tittle={Mastering Bitcoin: Unlocking Digital Cryptocurrencies},
    author={Antonopoulos, A. M.},
    year={2014},
    publisher={O'Reilly Media Inc.}
}

@book{TheTruthMachine,
    tittle={The truth machine: The blockchain and the future of everything},
    author={Casey, M. J., & Vigna, P.},
    year={2018},
    publisher={St. Martin's Press}
}